@online{UbuntuISOImage,
	title     = {Ubuntu ISO image download page},
	url       = {https://www.ubuntu-it.org/download},
	urldate   = {2023-04}
}

@online{VMSetup,
	title     = {Virtual machine installation instructions},
	url       = {https://github.com/microsoft/ebpf-for-windows/blob/main/docs/vm-setup.md},
	urldate   = {2023-05}
}

@online{HypervisorsArchitectures,
	title     = {Hypervisors architectures images},
	url       = {https://medium.com/teamresellerclub/type-1-and-type-2-hypervisors-what-makes-them-different-6a1755d6ae2c},
	urldate   = {2023-07}
}

@online{GitHubLogo,
	title     = {GitHub Logo},
	url       = {https://allvectorlogo.com/github-logo/},
	urldate   = {2023-07}
}

@online{MasterThesisRepo,
  title     = {Master thesis repository},
  url       = {https://github.com/Matteo-Locatelli/master\_thesis},
  month		= 03,
  year 		= 2023
}



@online{WindowseBPFStarterRepo,
  title     = {Windows eBPF Starter},
  url       = {https://github.com/SubconsciousCompute/windows-ebpf-starter},
  urldate   = {2023-06}
}

@article{BSDPacketFilter,
	title   = {The BSD Packet Filter: A New Architecture for User-level Packet Capture},
	author  = {Steven McCanne and Van Jacobson},
	month   = 12,
	year    = 1992,
	url     = {https://www.tcpdump.org/papers/bpf-usenix93.pdf},
}